@misc{dataset,
	author = {{Montgomery County, MD}},
	title = {Crash Reporting -- Drivers Data},
	howpublished = "\url{
	                https://data.montgomerycountymd.gov/Public-Safety/Crash-Reporting-Drivers-Data/mmzv-x632
	                }",
	year = {2025},
	note = "[Online; accessed January 14, 2025]",
}
@article{workfromhome,
	author = {Sabrina Wulff Pabilonia And Jill Janocha Redmond},
	title = {The rise in remote work since the pandemic and its impact on
	         productivity},
	journal = {Beyond the Numbers: Productivity},
	volume = {13},
	number = {8},
	year = {2024},
	publisher = {U.S. Bureau of Labor Statistics},
	url = {https://www.bls.gov/opub/btn/volume-13/remote-work-productivity.htm}
}
